<record><leader>00000cas a22000007a 4500</leader><controlfield tag="001">13776813</controlfield><controlfield tag="008">860625d19131929nvuwr ne      0    0eng d</controlfield><datafield ind1=" " ind2=" " tag="010"><subfield code="a">sn 86076998 </subfield></datafield><datafield ind1=" " ind2=" " tag="040"><subfield code="a">NNX</subfield><subfield code="b">eng</subfield><subfield code="c">NNX</subfield><subfield code="d">OCLCQ</subfield></datafield><datafield ind1=" " ind2=" " tag="042"><subfield code="a">msc</subfield></datafield><datafield ind1="0" ind2="0" tag="245"><subfield code="a">Review-miner.</subfield></datafield><datafield ind1="1" ind2="3" tag="246"><subfield code="a">Seven Troughs and Lovelock review-miner</subfield></datafield><datafield ind1="1" ind2="3" tag="246"><subfield code="a">Seven Troughs and Lovelock miner</subfield></datafield><datafield ind1=" " ind2=" " tag="260"><subfield code="a">Lovelock, Nev. :</subfield><subfield code="b">Lovelock Pub. Co.,</subfield><subfield code="c">1913-1929.</subfield></datafield><datafield ind1=" " ind2=" " tag="300"><subfield code="a">17 v. :</subfield><subfield code="b">ill.</subfield></datafield><datafield ind1=" " ind2=" " tag="310"><subfield code="a">Weekly</subfield></datafield><datafield ind1="0" ind2=" " tag="362"><subfield code="a">Vol. 6, no. 28 (Oct. 24, 1913)-v. 22, no. 19 (May 17, 1929).</subfield></datafield><datafield ind1=" " ind2=" " tag="500"><subfield code="a">"The Review-Miner is a consolidation of the Lovelock Review, the Lovelock Tribune, the Seven Troughs Miner and the Mazuma Herald."</subfield></datafield><datafield ind1=" " ind2=" " tag="500"><subfield code="a">Title from publisher's statement: Seven troughs and Lovelock review-miner, Oct. 24, 1913.</subfield></datafield><datafield ind1=" " ind2=" " tag="500"><subfield code="a">Title from publisher's statement: Seven Troughs and Lovelock miner.</subfield></datafield><datafield ind1=" " ind2=" " tag="515"><subfield code="a">Frequent misnumbering.</subfield></datafield><datafield ind1=" " ind2=" " tag="525"><subfield code="a">Supplements accompany some issues.</subfield></datafield><datafield ind1=" " ind2=" " tag="752"><subfield code="a">United States</subfield><subfield code="b">Nevada</subfield><subfield code="c">Pershing</subfield><subfield code="d">Lovelock.</subfield></datafield><datafield ind1=" " ind2=" " tag="752"><subfield code="a">United States</subfield><subfield code="b">Nevada</subfield><subfield code="c">Humboldt</subfield><subfield code="d">Lovelock.</subfield></datafield><datafield ind1="0" ind2="0" tag="780"><subfield code="t">Seven troughs and Lovelock review-miner</subfield><subfield code="w">(DLC)sn 86091312</subfield><subfield code="w">(OCoLC)13431461</subfield></datafield><datafield ind1="0" ind2="0" tag="785"><subfield code="t">Lovelock review-miner</subfield><subfield code="w">(DLC)sn 86076997</subfield></datafield></record>